<?xml version="1.0" encoding="UTF-8"?><collection xmlns="http://www.loc.gov/MARC21/slim"><record><leader>00349nam--2200121-i-4500</leader><controlfield tag="001">000017060</controlfield><controlfield tag="002">20161230</controlfield><controlfield tag="005">20161230201032</controlfield><controlfield tag="008">060222s1000------------r-----000-0-eng-d</controlfield><datafield ind1=" " ind2=" " tag="080"><subfield code="a">621.039.6</subfield></datafield><datafield ind1=" " ind2=" " tag="245"><subfield code="a">Survey of the usaec program in controlled thermonuclear research</subfield></datafield><datafield ind1=" " ind2=" " tag="260"><subfield code="a">Washington, U.S. Atomic Energy Commissiion, 1971. 73 P</subfield></datafield><datafield ind1=" " ind2=" " tag="852"><subfield code="a">79634</subfield></datafield></record></collection>